@MISC{WEBSITE:1,
	HOWPUBLISHED = "\url{https://github.com/educ8s/Python-Tetris-Game-Pygame}",
	AUTHOR = "Koumaris, Nick",
	TITLE = "Python Tetris Game Pygame",
	MONTH = "06",
	YEAR = "2023",
	URLDATE = {2025-05-02}
}

@MISC{WEBSITE:2,
	HOWPUBLISHED = "\url{https://github.com/aear-uba/ar2}",
	AUTHOR = "Azar, Miguel Augusto",
	TITLE = "ar2",
	MONTH = "04",
	YEAR = "2025",
	URLDATE = {2025-05-02}
}

@ARTICLE{ARTICLE:1,
    AUTHOR="Hester at al.",
    TITLE="Deep Q-learning from Demonstrations",
    JOURNAL="AAAI",
    YEAR="2018",
}

@ARTICLE{ARTICLE:2,
    AUTHOR="Hasselt at al.",
    TITLE="Deep Reinforcement Learning with Double Q-learning",
    JOURNAL="AAAI",
    YEAR="2016",
}