@ARTICLE{ARTICLE:1,
    AUTHOR="Matt Sevens \& Sabeek Pradhan",
    TITLE="Playing Tetris with Deep Reinforcement Learning",
    JOURNAL="Standford cs231n",
    YEAR="2016",
}

@ARTICLE{ARTICLE:2,
    AUTHOR="Max Bodoia \& Arjun Puranik",
    TITLE="Applying Reinforcement Learning to Competitive Tetris",
    JOURNAL="Standford cs229",
    YEAR="2012",
}

@ARTICLE{ARTICLE:3,
    AUTHOR="Simon Algorta \& Ozgur Simsek",
    TITLE="The Game of Tetris in Machine Learning",
    JOURNAL="arXiv",
    YEAR="2019",
}